<?xml version="1.0" encoding="UTF-8"?><collection xmlns="http://www.loc.gov/MARC21/slim"><record><leader>00405nam--2200145-i-4500</leader><controlfield tag="001">000018883</controlfield><controlfield tag="002">20161230</controlfield><controlfield tag="005">20170113013311</controlfield><controlfield tag="008">060222s1000------------r-----000-0-eng-d</controlfield><datafield ind1=" " ind2=" " tag="080"><subfield code="a">621.384.665</subfield></datafield><datafield ind1=" " ind2=" " tag="100"><subfield code="a">Ferger, F</subfield></datafield><datafield ind1=" " ind2=" " tag="245"><subfield code="a">R. f. parameters for the intersecting storage rings (isr) at stacking energies 3gev est 20gev</subfield></datafield><datafield ind1=" " ind2=" " tag="300"><subfield code="a">13 p. + 1 table</subfield></datafield><datafield ind1=" " ind2=" " tag="852"><subfield code="a">24522</subfield></datafield><datafield ind1=" " ind2=" " tag="CAT"><subfield code="a">SYS</subfield><subfield code="c">20170113</subfield><subfield code="h">013311</subfield></datafield></record></collection>